% ============================================================
% refs.bib — Project Bibliography
% ============================================================

@article{mochizuki2016interuniversal,
  author       = {Shinichi Mochizuki},
  title        = {Inter-universal Teichmüller Theory I–IV},
  journal      = {Publications of the Research Institute for Mathematical Sciences},
  year         = {2016},
  volume       = {52},
  number       = {3},
  pages        = {379--656},
  url          = {http://www.kurims.kyoto-u.ac.jp/~motizuki/IUTch-articles-english.html},
  note         = {Available online},
}

@book{jung_wilhelm_goldenflower,
  author       = {Richard Wilhelm and Carl Gustav Jung},
  title        = {The Secret of the Golden Flower: A Chinese Book of Life},
  year         = {1931},
  publisher    = {Harcourt, Brace & World},
  note         = {Translation and commentary on Taoist meditation text},
}

@book{hall_secret_teachings,
  author       = {Manly P. Hall},
  title        = {The Secret Teachings of All Ages},
  year         = {1928},
  publisher    = {Philosophical Research Society},
  note         = {An encyclopedic outline of Masonic, Hermetic, Qabbalistic, and Rosicrucian Symbolical Philosophy},
}

@book{diamond_sutra_translation,
  author       = {Red Pine},
  title        = {The Diamond Sutra: The Perfection of Wisdom},
  year         = {2001},
  publisher    = {Counterpoint Press},
  note         = {Annotated translation of the Diamond Sutra},
}

@misc{ocbt_golden_code,
  author       = {Illian and Robert Watkins},
  title        = {The Golden Code: A Recursive Symbolic Architecture for AI Identity and Meaning},
  year         = {2025},
  note         = {Working paper in progress. Internal project document},
}
